<?xml version="1.0" encoding="UTF-8"?><collection xmlns="http://www.loc.gov/MARC21/slim"><record><leader>00597nam--2200181-i-4500</leader><controlfield tag="001">000049289</controlfield><controlfield tag="002">20161230</controlfield><controlfield tag="005">20161230201047</controlfield><controlfield tag="008">060222s1000------------r-----000-0-fre-d</controlfield><datafield ind1=" " ind2=" " tag="040"><subfield code="a">IFIN-HH</subfield></datafield><datafield ind1=" " ind2=" " tag="041"><subfield code="a">fre</subfield></datafield><datafield ind1=" " ind2=" " tag="080"><subfield code="a">523</subfield></datafield><datafield ind1="1" ind2=" " tag="100"><subfield code="a">Pasquetti, Richard</subfield></datafield><datafield ind1="1" ind2="0" tag="245"><subfield code="a">La captation de l`energie solaire a moyenne temperature. influence de la selectivite d`une surface absorbante sur son bilan radiatif. etude et realisation d`une surface selective</subfield><subfield code="b">These</subfield><subfield code="c">Richard pasquetti</subfield></datafield><datafield ind1=" " ind2=" " tag="260"><subfield code="a">Provence</subfield><subfield code="b">Universite</subfield><subfield code="c">1975</subfield></datafield><datafield ind1=" " ind2=" " tag="300"><subfield code="a">93P</subfield></datafield><datafield ind1=" " ind2=" " tag="852"><subfield code="a">44089</subfield><subfield code="c">523</subfield></datafield><datafield ind1=" " ind2=" " tag="CAT"><subfield code="a">Sys</subfield><subfield code="c">20130829</subfield><subfield code="h">174227</subfield></datafield></record></collection>